@article{RT96,
	ISSN = {13507265},
	URL = {http://www.jstor.org/stable/3318418},
	author = {Gareth O. Roberts and Richard L. Tweedie},
	journal = {Bernoulli},
	number = {4},
	pages = {341--363},
	publisher = {International Statistical Institute (ISI) and Bernoulli Society for Mathematical Statistics and Probability},
	title = "{Exponential Convergence of Langevin Distributions and Their Discrete Approximations}",
	volume = {2},
	year = {1996}
}
@techreport{tHOLA,
	title       = "{Higher Order Langevin Monte Carlo Algorithm}",
	keywords    = "math.ST, stat.TH, 62L10, 65C05 (Primary)",
	author      = "Sotirios Sabanis and Ying Zhang",
	year        = "2018",
	month       = "8",
	day         = "2",
	language    = "English",
	publisher   = "ArXiv",
	type        = "WorkingPaper",
	institution = "ArXiv",
}


@article{LM,
	author = {Matthews, Charles and Leimkuhler, Benedict},
	title = "{Rational Construction of Stochastic Numerical Methods for Molecular Sampling}",
	journal = {Applied Mathematics Research eXpress},
	volume = {2013},
	number = {1},
	pages = {34-56},
	year = {2012},
	month = {06},
	issn = {1687-1200},
	doi = {10.1093/amrx/abs010},
	url = {https://dx.doi.org/10.1093/amrx/abs010},
	eprint = {http://oup.prod.sis.lan/amrx/article-pdf/2013/1/34/397230/abs010.pdf},
}

@article{Langevin1908,
	author = {Lemons,Don S.  and Gythiel,Anthony },
	title = {{Paul Langevin’s 1908 paper “On the Theory of Brownian Motion” [“Sur la théorie du mouvement brownien,” C. R. Acad. Sci. (Paris) 146, 530–533 (1908)]}},
	journal = {American Journal of Physics},
	volume = {65},
	number = {11},
	pages = {1079-1081},
	year = {1997},
	doi = {10.1119/1.18725},
	URL = { 
	https://doi.org/10.1119/1.18725	},
	eprint = {https://doi.org/10.1119/1.18725}
	
}

@article{Hastings70,
	ISSN = {00063444},
	URL = {http://www.jstor.org/stable/2334940},
	abstract = {A generalization of the sampling method introduced by Metropolis et al. (1953) is presented along with an exposition of the relevant theory, techniques of application and methods and difficulties of assessing the error in Monte Carlo estimates. Examples of the methods, including the generation of random orthogonal matrices and potential applications of the methods to numerical problems arising in statistics, are discussed.},
	author = {W. K. Hastings},
	journal = {Biometrika},
	number = {1},
	pages = {97--109},
	publisher = {[Oxford University Press, Biometrika Trust]},
	title = {{Monte Carlo Sampling Methods Using Markov Chains and Their Applications}},
	volume = {57},
	year = {1970}
}

@article{Metropolis53,
	author = {{Metropolis}, N. and {Rosenbluth}, A.~W. and {Rosenbluth}, M.~N. and 
	{Teller}, A.~H. and {Teller}, E.},
	title = "{Equation of State Calculations by Fast Computing Machines}",
	journal = { Journal of Chemical Physics},
	year = {1953},
	month = {6},
	volume = {21},
	pages = {1087-1092},
	doi = {10.1063/1.1699114},
	adsurl = {http://adsabs.harvard.edu/abs/1953JChPh..21.1087M},
	adsnote = {Provided by the SAO/NASA Astrophysics Data System}
}










@inbook{strogatz2007nonlinear,
  chapter={7},
  pages={198},
  title={Nonlinear Dynamics And Chaos},
  author={Strogatz, S.H.},
  isbn={9788187169857},
  series={Studies in nonlinearity},
  url={https://books.google.co.uk/books?id=PHmED2xxrE8C},
  year={2007},
  publisher={Sarat Book House}
}

@online{StabilityTheory,
	author= {P. Karageorgis},
	title = {Chapter 3. Stability theory},
	url = {https://www.maths.tcd.ie/~pete/ma2327/chapter3.pdf},
	Note = {Date Accessed: 28.11.2018},
}

@book{needam,
	title={Visual Complex Analysis},
	author={Needham, T.},
	isbn={9780198534464},
	lccn={97165737},
	series={Comparative Pathobiology - Studies in the Postmodern Theory of Education},
	url={https://books.google.co.uk/books?id=ogz5FjmiqlQC},
	year={1998},
	publisher={Clarendon Press}
}

@article{Fenichel,
	title = "Geometric singular perturbation theory for ordinary differential equations",
	journal = "Journal of Differential Equations",
	volume = "31",
	number = "1",
	pages = "53 - 98",
	year = "1979",
	issn = "0022-0396",
	doi = "https://doi.org/10.1016/0022-0396(79)90152-9",
	url = "http://www.sciencedirect.com/science/article/pii/0022039679901529",
	author = "Neil Fenichel"
}

@misc{ECG,
	author ={TeraLab},
	title = {{Electrocardiogram (ECG)}},
	year ={2005},
	url = {http://www.teralab.co.uk/Experiments/ECG/ECG_Page1.htm},
	note = {Date Accessed: 17.12.2018},
	organization = {TeraLab},
}
 
@book{villani2008optimal,
  title={Optimal transport: old and new},
  author={Villani, C{\'e}dric},
  volume={338},
  year={2008},
  publisher={Springer Science \& Business Media}
}

@article{ramdas2017wasserstein,
  title={On wasserstein two-sample testing and related families of nonparametric tests},
  author={Ramdas, Aaditya and Trillos, Nicol{\'a}s and Cuturi, Marco},
  journal={Entropy},
  volume={19},
  number={2},
  pages={47},
  year={2017},
  publisher={Multidisciplinary Digital Publishing Institute}
}

@article{dalalyan2019user,
  title={User-friendly guarantees for the Langevin Monte Carlo with inaccurate gradient},
  author={Dalalyan, Arnak S and Karagulyan, Avetik},
  journal={Stochastic Processes and their Applications},
  year={2019},
  publisher={Elsevier}
}

@article{brosse2018tamed,
  title={The tamed unadjusted Langevin algorithm},
  author={Brosse, Nicolas and Durmus, Alain and Moulines, {\'E}ric and Sabanis, Sotirios},
  journal={Stochastic Processes and their Applications},
  year={2018},
  publisher={Elsevier}
}

@article{bou2013nonasymptotic,
  title={Nonasymptotic mixing of the MALA algorithm},
  author={Bou-Rabee, Nawaf and Hairer, Martin},
  journal={IMA Journal of Numerical Analysis},
  volume={33},
  number={1},
  pages={80--110},
  year={2013},
  publisher={OUP}
}

@article{bonneel2015sliced,
  title={Sliced and radon wasserstein barycenters of measures},
  author={Bonneel, Nicolas and Rabin, Julien and Peyr{\'e}, Gabriel and Pfister, Hanspeter},
  journal={Journal of Mathematical Imaging and Vision},
  volume={51},
  number={1},
  pages={22--45},
  year={2015},
  publisher={Springer}
}

@inproceedings{rabin2011wasserstein,
  title={Wasserstein barycenter and its application to texture mixing},
  author={Rabin, Julien and Peyr{\'e}, Gabriel and Delon, Julie and Bernot, Marc},
  booktitle={International Conference on Scale Space and Variational Methods in Computer Vision},
  pages={435--446},
  year={2011},
  organization={Springer}
}

@article{dalalyan2017theoretical,
  title={Theoretical guarantees for approximate sampling from smooth and log-concave densities},
  author={Dalalyan, Arnak S},
  journal={Journal of the Royal Statistical Society: Series B (Statistical Methodology)},
  volume={79},
  number={3},
  pages={651--676},
  year={2017},
  publisher={Wiley Online Library}
}

@article{durmus2017nonasymptotic,
  title={Nonasymptotic convergence analysis for the unadjusted Langevin algorithm},
  author={Durmus, Alain and Moulines, Eric and others},
  journal={The Annals of Applied Probability},
  volume={27},
  number={3},
  pages={1551--1587},
  year={2017},
  publisher={Institute of Mathematical Statistics}
}

@article{durmus2016high,
  title={High-dimensional Bayesian inference via the unadjusted Langevin algorithm},
  author={Durmus, Alain and Moulines, Eric},
  journal={arXiv preprint arXiv:1605.01559},
  year={2016}
}